

@misc{wikipedia:loremipsum,
  title = {Lorem Ipsum},
  howpublished = {\url{https://pl.wikipedia.org/wiki/Lorem_ipsum}},
  note = {Accessed: 2023-10-29}
}

@article{BEHESHTIROUI2021107419,
title = {A novel approach based on genetic algorithm to speed up the discovery of classification rules on GPUs},
journal = {Knowledge-Based Systems},
volume = {231},
pages = {107419},
year = {2021},
issn = {0950-7051},
doi = {https://doi.org/10.1016/j.knosys.2021.107419},
url = {https://www.sciencedirect.com/science/article/pii/S095070512100681X},
author = {Mohammad {Beheshti Roui} and Mariam Zomorodi and Masoomeh Sarvelayati and Moloud Abdar and Hamid Noori and Paweł Pławiak and Ryszard Tadeusiewicz and Xujuan Zhou and Abbas Khosravi and Saeid Nahavandi and U. Rajendra Acharya},
keywords = {Data mining, Machine learning, Rule discovery, Genetic algorithm, GPU programming, Classification rules}
}

@article{bla,
title = {Bla bal},
journal = {XXY},
year = {2021},
author = {Mohammad {Beheshti Roui} and Mariam Zomorodi and Masoomeh Sarvelayati and Moloud Abdar and Hamid Noori and Paweł Pławiak and Ryszard Tadeusiewicz and Xujuan Zhou and Abbas Khosravi and Saeid Nahavandi and U. Rajendra Acharya}
}

